<?xml version="1.0" encoding="UTF-8"?><collection xmlns="http://www.loc.gov/MARC21/slim"><record><leader>00416nam--2200169-u-4500</leader><controlfield tag="001">000051386</controlfield><controlfield tag="002">20161230</controlfield><controlfield tag="005">20170118003916</controlfield><controlfield tag="008">080708s1000------------r-----000-0-eng-d</controlfield><datafield ind1=" " ind2=" " tag="040"><subfield code="a">IFIN-HH</subfield></datafield><datafield ind1=" " ind2=" " tag="080"><subfield code="a">531.19</subfield></datafield><datafield ind1="1" ind2=" " tag="100"><subfield code="a">Bogoliubov, N. N</subfield><subfield code="e">ml</subfield></datafield><datafield ind1="1" ind2="0" tag="245"><subfield code="a">Metod Issledovaniya Modelnykh Gamiltonianov</subfield></datafield><datafield ind1=" " ind2=" " tag="260"><subfield code="a">Moskva</subfield><subfield code="b">Nauka</subfield><subfield code="c">1974</subfield></datafield><datafield ind1=" " ind2=" " tag="300"><subfield code="a">175 p</subfield></datafield><datafield ind1=" " ind2=" " tag="852"><subfield code="a">75347</subfield><subfield code="c">517</subfield></datafield><datafield ind1=" " ind2=" " tag="CAT"><subfield code="a">SYS</subfield><subfield code="c">20170118</subfield><subfield code="h">003916</subfield></datafield></record></collection>